@misc{wiki:cnn,
  author = {{CNN}},
  title = "Convolutional Neural Networks --- {W}ikipedia{,} The Free Encyclopedia",
  year = "2018",
  url = "https://en.wikipedia.org/wiki/Convolutional_neural_network",
  note = "[Online; accessed 16-July-2018]"
}
@misc{lenet,
  author = {{Y. LeCun, L. Bottou, Y. Bengio, and P. Haffner.}},
  title = "Gradient-based learning applied to document recognition",
  year = "1998",
  url = "http://yann.lecun.com/exdb/publis/pdf/lecun-98.pdf"
}
@incollection{alexnet,
title = {ImageNet Classification with Deep Convolutional Neural Networks},
author = {Alex Krizhevsky and Sutskever, Ilya and Hinton, Geoffrey E},
booktitle = {Advances in Neural Information Processing Systems 25},
editor = {F. Pereira and C. J. C. Burges and L. Bottou and K. Q. Weinberger},
pages = {1097--1105},
year = {2012},
publisher = {Curran Associates, Inc.},
url = {http://papers.nips.cc/paper/4824-imagenet-classification-with-deep-convolutional-neural-networks.pdf}
}
@misc{alexnet2,
  author = {{Alex Krizhevsky, Ilya Sutskever, Geoffrey E. Hinton}},
  title = "ImageNet Classification with Deep Convolutional Neural Networks",
  year = "2012",
  url = "https://papers.nips.cc/paper/4824-imagenet-classification-with-deep-convolutional-neural-networks.pdf"
}
@misc{gnet,
  author = {{Christian Szegedy, Wei Liu, Yangqing Jia, Pierre Sermanet, Scott Reed, Dragomir Anguelov, Dumitru Erhan, Vincent Vanhoucke, Andrew Rabinovich}},
  title = "Going Deeper with Convolutions",
  year = "2014",
  url = "https://arxiv.org/abs/1409.4842"
}
